@inproceedings{yang2022psg,
    author = {Yang, Jingkang and Ang, Yi Zhe and Guo, Zujin and Zhou, Kaiyang and Zhang, Wayne and Liu, Ziwei},
    title = {Panoptic Scene Graph Generation},
    booktitle = {ECCV}
    year = {2022}
}

@inproceedings{yang2023pvsg,
    author = {Yang, Jingkang and Peng, Wenxuan and Li, Xiangtai and Guo, Zujin and Chen, Liangyu and Li, Bo and Ma, Zheng and Zhou, Kaiyang and Zhang, Wayne and Loy, Chen Change and Liu, Ziwei},
    title = {Panoptic Video Scene Graph Generation},
    booktitle = {CVPR},
    year = {2023},
}

@inproceedings{mora,
author = {Mora, Alicia and Prados, Adri√°n and Barber, Ramon},
year = {2022},
month = {06},
pages = {},
title = {Segmenting Maps by Analyzing Free and Occupied Regions with Voronoi Diagrams}
}